%مراجع خود را در این قسمت وارد کنید.
% دستوری برای کوچک کردن اندازه فونت‌ها 
%یک مثال را در زیر می‌بینید.

@article{shi2022learning,
	title={Learning audio-visual speech representation by masked multimodal cluster prediction},
	author={Shi, Bowen and Hsu, Wei-Ning and Lakhotia, Kushal and Mohamed, Abdelrahman},
	journal={arXiv preprint arXiv:2201.02184},
	year={2022}
}

@article{shi2022robust,
	title={Robust Self-Supervised Audio-Visual Speech Recognition},
	author={Shi, Bowen and Hsu, Wei-Ning and Mohamed, Abdelrahman},
	journal={arXiv preprint arXiv:2201.01763},
	year={2022}
}